@misc{UN:2015,
  title = {{Transforming our world: the 2030 Agenda for Sustainable Development}},
  author = {{United Nations}},
  year = {2015},
  note = {{Resolution adopted by the General Assembly on 25 September 2015, (A/RES/70/1)}}
}

@software{CLOVER,
  author = {Winchester, Benedict and Beath, Hamish and Nelson, Jenny and Sandwell, Philip},
  title = {CLOVER},
  year  = {2022},
  publisher = {Zenodo},
  version = {v5.0},
  doi = {10.5281/zenodo.6925534},
  url = {https://doi.org/10.5281/zenodo.6925534}
}

@misc{HOMER,
  title = {{HOMER Energy}},
  year = {2022},
  howpublished = {\url{https://www.homerenergy.com/}},
  note = {Accessed: 22 August 2022}
}

@phdthesis{Sandwell:2017a,
  author = {Sandwell, Philip},
  title = {{Assessing the potential for photovoltaic technology to mitigate greenhouse gas emissions:life cycle analysis and energy systems modelling for electricity access in rural India}},
  publisher = {Imperial College London},
  year = {2017},
  address = {{London, UK}}
}

@misc{Renewables_Ninja,
  title = {{Renewables.ninja}},
  howpublished = {\url{https://www.renewables.ninja/}},
  note = {Accessed: 22 August 2022}
}

@artcle{Pfenninger:2016,
  author = {Pfenninger, Stefan and Staffell, Iain},
  title = {{Long-term patterns of European PV output using 30 years of validated hourly reanalysis and satellite data}},
  journal = {Energy},
  volume = {114},
  year = {2016},
  pages = {1251-1265},
  doi = {10.1016/j.energy.2016.08.060}
}

@artcle{Sandwell:2016,
  author = {Sandwell, Philip and Chambon, Clementine and Saraogi, Amit and Chabenat, Apolline and Mazur, Marek and Ekins-Daukes, Ned and Nelson, Jenny},
  title = {{Analysis of energy access and impact of modern energy sources in unelectrified villages in Uttar Pradesh}},
  journal = {Energy for Sustainable Development},
  volume = {35},
  year = {2016},
  pages = {67-79},
  doi = {10.1016/j.esd.2016.09.002}
}

@article{Chambon:2020,
  author = {Chambon, Clementine L. and Karia, Tanuj and Sandwell, Philip and Hallett, Jason P.},
  title = {{Techno-economic assessment of biomass gasification-based mini-grids for productive energy applications: The case of rural India}},
  journal = {Renewable Energy},
  volume = {154},
  year = {2020},
  pages = {432-444},
  doi = {10.1016/j.renene.2020.03.002}
}

@article{Sandwell:2017b,
  author = {Sandwell, Philip and Ekins-Daukes, Ned and Nelson, Jenny},
  title = {{What are the greatest opportunities for PV to contribute to rural development?}},
  journal = {Energy Procedia},
  volume = {130},
  year = {2017},
  pages = {139-146},
  doi = {10.1016/j.egypro.2017.09.416}
}

@article{Beath:2021,
  author = {Beath, Hamish and Hauser, Muriel and Sandwell, Philip and Gambhir, Ajay and Few, Sheridan and Chambon, Clementine L. and Nelson, Jenny},
  title = {{The cost and emissions advantages of incorporating anchor loads into solar mini-grids in India}},
  journal = {Renewable and Sustainable Energy Transition},
  volume = {1},
  year = {2021},
  pages = {100003},
  doi = {10.1016/j.rset.2021.100003}
}

@article{BarandaAlonso:2021,
  author = {Baranda Alonso, Javier and Sandwell, Philip and Nelson, Jenny},
  title = {{The potential for solar-diesel hybrid mini-grids in refugee camps: A case study of Nyabiheke camp, Rwanda}},
  journal = {Sustainable Energy Technologies and Assessments},
  volume = {44},
  year = {2021},
  pages = {101095},
  doi = {10.1016/j.seta.2021.101095}
}

@article{Few:2022,
  author = {Few, Sheridan and Barton, John and Sandwell, Philip and Mori, Richard and Kulkarni, Prasad and Thomson, Murray and Nelson, Jenny and Candelise, Chiara},
  title = {{Electricity demand in populations gaining access: Impact of rurality and climatic conditions, and implications for microgrid design}},
  journal = {Energy for Sustainable Development},
  volume = {66},
  year = {2022},
  pages = {151-164},
  doi = {10.1016/j.esd.2021.11.008}
}

@article{MattheyJunod:2022,
  author = {Matthey-Junod, Anaïs and Sandwell, Philip and Makohliso, Solomzi and Schönenberger, Klaus},
  title = {{Leaving no aspect of sustainability behind: A framework for designing sustainable energy interventions applied to refugee camps}},
  journal = {Energy Research & Social Science},
  volume = {90},
  year = {2022},
  pages = {102636},
  doi = {10.1016/j.erss.2022.102636}
}
