@misc{UN:2015,
  title = {{Transforming our world: the 2030 Agenda for Sustainable Development}},
  author = {{United Nations}},
  year = {2015},
  howpublished = {{Resolution adopted by the General Assembly on 25 September 2015, (A/RES/70/1). Available from \url{https://digitallibrary.un.org/record/809145}.}}
}

@software{CLOVER,
  author = {Winchester, Benedict and Beath, Hamish and Nelson, Jenny and Sandwell, Philip},
  title = {CLOVER},
  year  = {2022},
  publisher = {Zenodo},
  version = {v5.0},
  doi = {10.5281/zenodo.6925534},
  url = {https://doi.org/10.5281/zenodo.6925534}
}

@misc{HOMER,
  title = {{HOMER Energy}},
  year = {2022},
  howpublished = {\url{https://www.homerenergy.com/}},
  note = {Accessed: 22 August 2022}
}

@phdthesis{Sandwell:2017a,
  author = {Sandwell, Philip},
  title = {{Assessing the potential for photovoltaic technology to mitigate greenhouse gas emissions:life cycle analysis and energy systems modelling for electricity access in rural India}},
  publisher = {Imperial College London},
  year = {2017},
  address = {{London, UK}}
}

@article{pvlib,
  doi = {10.21105/joss.00884}, 
  url = {https://doi.org/10.21105/joss.00884}, 
  year = {2018}, 
  publisher = {The Open Journal}, 
  volume = {3}, 
  number = {29}, 
  pages = {884}, 
  author = {William F. Holmgren and Clifford W. Hansen and Mark A. Mikofski}, 
  title = {pvlib python: a python package for modeling solar energy systems}, 
  journal = {Journal of Open Source Software}
}

@article{Offgridders,
  author = {Hoffmann, M.M. and Pelz, S. and Monés-Pederzini, Ò. and Andreottola, M. and Blechinger, P.},
  title = {{Overcoming the Bottleneck of Unreliable Grids: Increasing Reliability of Household Supply with Decentralized Backup Systems}},
  journal = {J Sustain Res.},
  year = {2020},
  volume = {2},
  issue = {1},
  pages = {e200009},
  doi = {10.20900/jsr20200009}
}

@article{OSeMOSYS,
  author = {Howells, M. and Rogner, H. and Strachan, N. and Heaps, C. and Huntington, H. and Kypreos, S. and Hughes, A. and Silveira, S. and DeCarolis, J. and Bazillian, M.},
  title = {{OSeMOSYS: the open source energy modeling system: an introduction to its ethos, structure and development}},
  journal = {Energy Policy},
  vol = {39},
  pages = {5850–5870},
  year = {2011},
  doi = {10.1016/j.enpol.2011.06.033}
}

@article{PyPSA,
   author = {T. Brown and J. H\"orsch and D. Schlachtberger},
   title = {{PyPSA: Python for Power System Analysis}},
   journal = {Journal of Open Research Software},
   volume = {6},
   issue = {1},
   number = {4},
   year = {2018},
   eprint = {1707.09913},
   doi = {10.5334/jors.188}
}

@misc{Renewables_Ninja,
  title = {{Renewables.ninja}},
  author = {Pfenninger, Stefan and Staffell, Iain},
  year = {2016},
  howpublished = {\url{https://www.renewables.ninja/}},
  note = {Accessed: 22 August 2022}
}

@artcle{Pfenninger:2016,
  author = {Pfenninger, Stefan and Staffell, Iain},
  title = {{Long-term patterns of European PV output using 30 years of validated hourly reanalysis and satellite data}},
  journal = {Energy},
  volume = {114},
  year = {2016},
  pages = {1251-1265},
  doi = {10.1016/j.energy.2016.08.060}
}

@artcle{Sandwell:2016,
  author = {Sandwell, Philip and Chambon, Clementine and Saraogi, Amit and Chabenat, Apolline and Mazur, Marek and Ekins-Daukes, Ned and Nelson, Jenny},
  title = {{Analysis of energy access and impact of modern energy sources in unelectrified villages in Uttar Pradesh}},
  journal = {Energy for Sustainable Development},
  volume = {35},
  year = {2016},
  pages = {67-79},
  doi = {10.1016/j.esd.2016.09.002}
}

@article{Chambon:2020,
  author = {Chambon, Clementine L. and Karia, Tanuj and Sandwell, Philip and Hallett, Jason P.},
  title = {{Techno-economic assessment of biomass gasification-based mini-grids for productive energy applications: The case of rural India}},
  journal = {Renewable Energy},
  volume = {154},
  year = {2020},
  pages = {432-444},
  doi = {10.1016/j.renene.2020.03.002}
}

@article{Sandwell:2017b,
  author = {Sandwell, Philip and Ekins-Daukes, Ned and Nelson, Jenny},
  title = {{What are the greatest opportunities for PV to contribute to rural development?}},
  journal = {Energy Procedia},
  volume = {130},
  year = {2017},
  pages = {139-146},
  doi = {10.1016/j.egypro.2017.09.416}
}

@article{Beath:2021,
  author = {Beath, Hamish and Hauser, Muriel and Sandwell, Philip and Gambhir, Ajay and Few, Sheridan and Chambon, Clementine L. and Nelson, Jenny},
  title = {{The cost and emissions advantages of incorporating anchor loads into solar mini-grids in India}},
  journal = {Renewable and Sustainable Energy Transition},
  volume = {1},
  year = {2021},
  pages = {100003},
  doi = {10.1016/j.rset.2021.100003}
}

@article{BarandaAlonso:2021,
  author = {Baranda Alonso, Javier and Sandwell, Philip and Nelson, Jenny},
  title = {{The potential for solar-diesel hybrid mini-grids in refugee camps: A case study of Nyabiheke camp, Rwanda}},
  journal = {Sustainable Energy Technologies and Assessments},
  volume = {44},
  year = {2021},
  pages = {101095},
  doi = {10.1016/j.seta.2021.101095}
}

@article{Few:2022,
  author = {Few, Sheridan and Barton, John and Sandwell, Philip and Mori, Richard and Kulkarni, Prasad and Thomson, Murray and Nelson, Jenny and Candelise, Chiara},
  title = {{Electricity demand in populations gaining access: Impact of rurality and climatic conditions, and implications for microgrid design}},
  journal = {Energy for Sustainable Development},
  volume = {66},
  year = {2022},
  pages = {151-164},
  doi = {10.1016/j.esd.2021.11.008}
}

@article{MattheyJunod:2022,
  author = {Matthey-Junod, Anaïs and Sandwell, Philip and Makohliso, Solomzi and Schönenberger, Klaus},
  title = {{Leaving no aspect of sustainability behind: A framework for designing sustainable energy interventions applied to refugee camps}},
  journal = {Energy Research & Social Science},
  volume = {90},
  year = {2022},
  pages = {102636},
  doi = {10.1016/j.erss.2022.102636}
}

@article{OrtegaArriaga:2022,
  author = {Sayani, Reena and Ortega-Arriaga, Paloma and Sandwell, Philip and Babacan, Oytun and Gambhir, Ajay and Robinson, Darren and Nelson, Jenny},
  title = {{Sizing solar-based mini-grids for growing electricity demand: Insights from rural India}},
  journal = {Journal of Physics: Energy},
  doi = {10.1088/2515-7655/ac9dc0},
  year={2022},
}

@misc{BarandaAlonso:2020,
  author = {Baranda Alonso, Javier and Sandwell, Philip},
  title = {{Sustainable mini-grid systems in refugee camps: A case study of Rwanda}},
  year = {2020},
  doi = {10.25561/77296},
  howpublished = {Grantham Institute, Imperial College London.}
}

@misc{Sandwell:2017c,
  author = {Sandwell, Philip and Wheeler, Scot and Nelson, Jenny},
  title = {{Supporting Rural Electrification in Developing Countries}},
  year = {2017},
  howpublished = {Grantham Institute, Imperial College London.}
}
